@book{webeng,
    title={Web Engineering The Discipline of Systematic Development of Web Applications},
    author={Gerti Kappel AND Birgit Proll AND Siegfried Reich AND Werner Retschitzegger},
    year={2003},
    publisher={John Wiley \& Sons Ltd},
    isbn={9780470015544}
}

@misc{osi_model,
    title       = {What is the OSI model?},
    author      = {Howard C. Berkowitz},
    year        = {2015},
    publisher   = {Quora},
    url         = {https://www.quora.com/What-is-the-OSI-model},
    urldate     = {2017-02-27}
}
@misc{bt_what_is,
    title={what is Bluetooth?},
    author={{Bluetooth SIG}},
    year={2017},
    url = {https://www.bluetooth.com/what-is-bluetooth-technology/how-it-works},
    urldate = {2017-03-07}
}

@misc{osi_model_std,
    autor = {{ISO}},
    title = {OSI Standard Catalogue, 35.100},
    year = {2016},
    url = {https://www.iso.org/ics/35.100/x/},
    urldate = {2017-03-03}
}

@book{osi_model_def,
    title={Computer Networks},
    author={Andrew S. Tanenbaum AND David J. Wetherall},
    year={2011},
    publisher={Pearson},
    isbn={9780132553179}
}

@article{bluetooth,
    title={Discover Bluetooth},
    author={{Bluetooth SIG, Inc}},
    year={2017},
    url = {https://www.bluetooth.com/what-is-bluetooth-technology/discover-bluetooth},
    urldate = {2017-02-14}
}

@article{bluetooth_speed,
    title={Bluetooth or WiFi -- Which is Best for Your New Electronic Hardware Product?},
    author={John Teel},
    year={2016},
    url = {http://predictabledesigns.com/what-type-of-wireless-is-right-for-your-product-bluetooth-wifi/},
    urldate = {2017-02-21}
}

@article{bluetooth_power,
    title={Bluetooth vs. Wi-Fi Power Consumption},
    author={Elise Vogler},
    year={2017},
    url = {http://techin.oureverydaylife.com/bluetooth-vs-wifi-power-consumption-17630.html},
    urldate = {2017-02-21}
}

@article{bluetooth_consumption,
    title={Energy Consumption Analysis for Bluetooth, WiFi and Cellular Networks},
    author={Rahul Balani},
    year={2017},
    url = {http://nesl.ee.ucla.edu/uploads/document/paperupload/254/PowerAnalysis.pdf},
    urldate = {2017-02-21}
}

@article{bluetooth_le_br,
    title={Discover Bluetooth},
    author={{Bluetooth SIG, Inc}},
    year={2017},
    url = {https://www.bluetooth.com/specifications/bluetooth-core-specification},
    urldate = {2017-02-14}
}

@article{bbcwifi,
    title={What is wireless internet (Wi-Fi)?},
    author={WebWise Team},
    year={2012-10-10},
    url = {http://www.bbc.co.uk/webwise/guides/about-wifi},
    urldate = {2017-02-21}
}
@article{webowifi,
    title={Wi-Fi (wireless networking)},
    author={Vangie Beal},
    year={2017},
    url = {http://www.webopedia.com/TERM/W/Wi_Fi.html},
    urldate = {2017-02-23}
}

@article{forecast2017cisco,
  title={Cisco visual networking index: Global mobile data traffic forecast update 2016-2021},
  author={{Forecast, Cisco VNI}},
  journal={Cisco Public Information, February},
  url={http://heidicohen.com/67-mobile-facts-from-2013-research-charts/},
  urldate = {2017-03-14},
  year={2017}
}

@misc{meshnetwork_intro,
    author    = {Dave Roos},
    title     = {How Wireless Mesh Networks Work},
    url = {http://computer.howstuffworks.com/how-wireless-mesh-networks-work.htm},
    year     = {2017},
    month    = {03},
    urldate = {2017-03-14}
}

@misc{BL_intro,
    author    = {Steve Hegenderfer},
    title     = {Get ready for Bluetooth mesh!},
    url = {https://blog.bluetooth.com/trashed},
    year     = {2016},
    month    = {11},
    urldate = {2017-03-14}
}

@misc{statistika_forecast,
    author    = {{Statista}},
    title     = {Number of mobile phone users worldwide from 2013 to 2019},
    url = {https://www.statista.com/statistics/274774/forecast-of-mobile-phone-users-worldwide/},
    year     = {2017},
    month    = {1},
    urldate = {2017-02-27}
}

@misc{mobile_ilya,
    author    = {Ilya Grigorik},
    title     = {Mobile Networks, Performance of Wireless Networks},
    url = {https://hpbn.co/mobile-networks/},
    year     = {2013},
    month    = {1},
    urldate = {2017-02-27}
}

@misc{wifi_ilya,
    author  = {Ilya Grigorik},
    title   = {WiFi, Performance of Wireless Networks},
    url     = {https://hpbn.co/wifi/},
    year    = {2013},
    month   = {1},
    urldate = {2017-02-27}
}

@misc{network_topologies,
    author  = {S Bharadwaj Reddy},
    title   = {Different Types of Network Topologies},
    url     = {http://instrumentationtools.com/different-types-of-network-topologies/},
    year    = {2016},
    month   = {4},
    urldate = {2017-03-03}
}

@article{akyildiz2005wireless,
  title={Wireless mesh networks: a survey},
  author={Akyildiz, Ian F AND Wang, Xudong AND Wang, Weilin},
  journal={Computer networks},
  volume={47},
  number={4},
  pages={445--487},
  year={2005},
  publisher={Elsevier}
}

@article{boukerche2011routing,
  title={Routing protocols in ad hoc networks: A survey},
  author={Boukerche, Azzedine AND Turgut, Begumhan AND Aydin, Nevin AND Ahmad, Mohammad Z AND B{\"o}l{\"o}ni, Ladislau AND Turgut, Damla},
  journal={Computer networks},
  volume={55},
  number={13},
  pages={3032--3080},
  year={2011},
  publisher={Elsevier}
}

@article{alotaibi2012survey,
  title={A survey on routing algorithms for wireless ad-hoc and mesh networks},
  author={Alotaibi, Eiman AND Mukherjee, Biswanath},
  journal={Computer networks},
  volume={56},
  number={2},
  pages={940--965},
  year={2012},
  publisher={Elsevier}
}

@misc{android_popularity,
    author= {{IDC}},
    title   = {Smartphone OS Market Share, 2016 Q3},
    url     = {http://www.idc.com/promo/smartphone-market-share/os},
    year    = {2016},
    urldate = {2017-03-09}
}
@misc{morephones,
    author= {Heidi Cohen},
    title   = {How Your Audience Uses Mobile NOW},
    url     = {http://heidicohen.com/67-mobile-facts-from-2013-research-charts/},
    year    = {2013},
    month   = {10},
    urldate = {2017-03-13}
}

@electronic{android_ble,
    author  = {{Google}},
    title   = {Bluetooth Low Energy},
    url     = {https://developer.android.com/guide/topics/connectivity/bluetooth-le.html},
    urldate = {2017-03-16}
}
@misc{mvp_vs_mvc,
    author= {{Vasiliy}},
    title   = {MVP and MVC Architectures in Android -- part 1},
    url     = {http://www.techyourchance.com/mvp-mvc-android-1/},
    year    = {2015},
    urldate = {2017-03-21}
}

@misc{act_not_ui,
    author= {{Vasiliy}},
    title   = {Why Activities in Android are not UI Elements},
    url     = {http://www.techyourchance.com/activities-android/},
    year    = {2015},
    urldate = {2017-03-21}
}

@incollection{johnson1996dynamic,
  title={Dynamic source routing in ad hoc wireless networks},
  author={Johnson, David B AND Maltz, David A},
  booktitle={Mobile computing},
  pages={153--181},
  year={1996},
  publisher={Springer}
}

@misc{touch_screen_performance,
    author= {Claire Lee AND Shumin Zhai},
    title   = {The Performance of Touch Screen Soft Buttons},
    url     = {http://dl.acm.org/citation.cfm?id=1518750},
    year    = {2009},
    urldate = {2017-03-23}
}

@misc{osi_microsoft,
    author= {{Microsoft}},
    title   = {The OSI Model's Seven Layers Defined and Functions Explained},
    url     = {https://support.microsoft.com/da-dk/help/103884/the-osi-model-s-seven-layers-defined-and-functions-explained},
    year    = {2014},
    urldate = {2017-03-27}
}

@techreport{blue_spec,
    author      =   {{Bluetooth SIG}},
    title       =   {Specification of the Bluetooth System, V4.2},
    institution =   {SIG},
    adress      =   {5209 Lake Washington Blvd NE},
    month       =   {December},
    year        =   {2014},
    url         =   {https://www.bluetooth.org/DocMan/handlers/DownloadDoc.ashx?doc_id=421043},
    note        =   {https://www.bluetooth.com/specifications/adopted-specifications}
}

@misc{bluetooth_fig_2.4,
    author  =   {{Bluetooth SIG}},
    title   =   {Logical Attribute Repressntation},
    month   =   {December},
    year    =   {2014},
    note    =   {BLUETOOTH SPECIFICATION Version 4.2 [Vol 3, Part G, Section 2.5.1, Figure 2.4]},
    url     =   {https://www.bluetooth.org/DocMan/handlers/DownloadDoc.ashx?doc_id=421043}
}

@misc{bluetooth_fig_3.1,
    author  =   {{Bluetooth SIG}},
    title   =   {Service Declaration},
    month   =   {December},
    year    =   {2014},
    note    =   {BLUETOOTH SPECIFICATION Version 4.2 [Vol 3, Part F, Section 3.1, Table 3.1]},
    url     =   {https://www.bluetooth.org/DocMan/handlers/DownloadDoc.ashx?doc_id=421043}
}

@misc{bluetooth_fig_3.3,
    author  =   {{Bluetooth SIG}},
    title   =   {Service Declaration},
    month   =   {December},
    year    =   {2014},
    note    =   {BLUETOOTH SPECIFICATION Version 4.2 [Vol 3, Part F, Section 3.3.1, Table 3.3]},
    url     =   {https://www.bluetooth.org/DocMan/handlers/DownloadDoc.ashx?doc_id=421043}
}

@misc{bluetooth_fig_3.4,
    author  =   {{Bluetooth SIG}},
    title   =   {Attribute Value Field in characteristic declaration},
    month   =   {December},
    year    =   {2014},
    note    =   {BLUETOOTH SPECIFICATION Version 4.2 [Vol 3, Part F, Section 3.3.1, Table 3.4]},
    url     =   {https://www.bluetooth.org/DocMan/handlers/DownloadDoc.ashx?doc_id=421043}
}

@misc{bluetooth_fig_2.1,
    author  =   {{Bluetooth SIG}},
    title   =   {Relationship of GAP with lower layers of the Bluetooth architecture},
    month   =   {December},
    year    =   {2014},
    note    =   {BLUETOOTH SPECIFICATION Version 4.2 [Vol 3, Part C, Section 2.1, Figure 2.1]},
    url     =   {https://www.bluetooth.org/DocMan/handlers/DownloadDoc.ashx?doc_id=421043}
}

@misc{bt_sdp,
    author  = {{Bluetooth SIG}},
    title   = {Service Discovery},
    url     = {https://www.bluetooth.com/specifications/assigned-numbers/service-discovery},
    urldate = {2017-04-07}
}

@misc{life_cycle,
    author  = {{Google}},
    title   = {Activity},
    url     = {https://developer.android.com/reference/android/app/Activity.html},
    urldate = {2017-04-28}
}

@article{software2008ieee,
  title={IEEE standard for software and system test documentation},
  author={{Software \& Systems Engineering Committee et al.}},
  journal={Fredericksburg, VA, USA: IEEE Computer Society},
  year={2008}
}
@misc{responsetime,
    author  = {Jakob Nielsen},
    title   = {Response Times: The 3 Important Limits},
    month   =   {January},
    year    =   {199and othersand others3},
    url     = {https://www.nngroup.com/articles/response-times-3-important-limits/},
    urldate = {2017-05-09}
}
@misc{pers_data,
    author  = {{Directorate General Justice, Directorate C (Fundamental Rights and Union Citizenship) of the European Commission}},
    title   = {ARTICLE 29 DATA PROTECTION WORKING PARTY },
    month   =   {April},
    year    =   {2011},
    url     = {http://ec.europa.eu/justice/data-protection/article-29/documentation/other-document/files/2011/2011_04_20_letter_artwp_mme_le_bail_directive_9546ec_annex1_en.pdf},
    urldate = {2017-05-12}
}

@book{dvcp,
    title={Design and Validation of Computer Protocols},
    author={Gerard J. Holzmann},
    year={1990},
    publisher={spinroot},
    isbn={0-13-539834-7}
}


@misc{ble_connect,
    author  = {{Microchip Technology, Inc}},
    title   = {Bluetooth\textregistered Low Energy Connection Process},
    year    = {2017},
    url     = {http://microchipdeveloper.com/wireless:ble-link-layer-connections},
    urldate = {2017-05-18}
}
@misc{android_gls,
	author	= {{Google}},
	title   = {Glossary},
	url     = {https://developer.android.com/guide/appendix/glossary.html},
	urldate = {2017-05-23}
}
@misc{android_pck,
	author	= {{Google}},
	title   = {Package Index},
	url     = {https://developer.android.com/reference/packages.html},
	urldate = {2017-05-23}
}

@misc{android_dev,
	author	= {{Google}},
	title   = {Android Developer Home},
	url     = {https://developer.android.com/index.html},
	urldate = {2017-05-23}
}

@misc{android_aclifecycle,
	author	= {{Google}},
	title   = {Android Activity Lifecycle},
	url     = {https://developer.android.com/guide/components/activities/activity-lifecycle.html},
	urldate = {2017-05-23}
}

@misc{mac,
	author	= {{IEEE Registration Authority}},
	title   = {Guidelines for 48-BIT Global Identifier (EUI-48)},
	url     = {https://standards.ieee.org/develop/regauth/tut/eui48.pdf},
	urldate = {2017-05-25}
}

@misc{msdn_diagram,
	author	= {{Microsoft Developer Network}},
	title   = {UML Class Diagrams: Guidelines},
	url     = {https://msdn.microsoft.com/en-us/library/dd409416.aspx},
	urldate = {2017-05-25}

}
@misc{wireless_survey,
    author  = {Erina Ferror AND Francesco Potorti},
    title   = {Bluetooth and Wi-Fi Wireless Protocols: A Survey and a Comparison},
    url     = {http://citeseerx.ist.psu.edu/viewdoc/download?doi\=10.1.1.1.1709\&rep\=rep1\&type\=pdf},
    urldate = {2017-05-26}
}

@misc{pixabay,
    author  = {pixabay},
    title   = {},
    url     = {https://pixabay.com/en/email-message-envelope-information-1903444/},
    urldate = {2017-05-27}
}
